@misc{lblndata,
  title={The {Lund/LBNL} Nuclear Data Search, v. 2.0},
  author={S.Y.F. Chu and L.P. Ekstrom and R. B. Firestone},
  year={1999},
  howpublished={\url{http://nucleardata.nuclear.lu.se/toi/}},
  note={Accessed: 2018-01-30}
}

@book{knoll2010radiation,
  title={Radiation detection and measurement},
  author={Knoll, Glenn F},
  year={2010},
  publisher={John Wiley \& Sons}
}
